
@string{epl = "Eur.\ Phys.\ Lett."}
@string{jpcm= "J. Phys.: Condens. Matter"}
@string{jpsj = "J.\ Phys.\ Soc.\ Jpn."}
@string{prb = "Phys.\ Rev.\ B"}
@string{prd = "Phys.\ Rev.\ D"}
@string{pre = "Phys.\ Rev.\ E"}
@string{prl = "Phys.\ Rev.\ Lett."}
@string{rmp = "Rev.\ Mod.\ Phys."}
@string{sm = "Synth.\ Metals"}
@string{ssc = "Solid St.\ Comm."}
@string{apl = "Appl.\ Phys.\ Lett."}
@string{jcp = "J.\ Chem.\ Phys."}
@string{jacs = "J.\ Am.\ Chem.\ Soc."}
@string{nl = "Nano\ Lett."}
@string{natcm = "Nat.\ Commun."}
@string{natm = "Nat.\ Mater."}
@string{naph = "Nat.\ Photonics."}



@ARTICLE{chang12a,
    author = "J. Chang et al.",
    journal = "Nature Physics",
    year = "2012",
    volume = "8",
    pages = "871",
}


@ARTICLE{ghiringhelli12a,
    author = "G. Ghiringhelli et al.",
    journal = "Science",
    year = "2012",
    volume = "337",
    pages = "821",
}

@ARTICLE{wu13a,
    author = "T. Wu et al.",
    journal = natcm,
    year = "2013",
    volume = "4",
    pages = "2113",
}

@ARTICLE{comin14a,
    author = "R. Comin et al.",
    journal = "Science",
    year = "2014",
    volume = "343",
    pages = "390",
}


@ARTICLE{anderson04a,
    author = "P. W. Anderson and P. A. Lee and M. Randeria and T. M. Rice and N. Trivedi and F. C. Zhang.",
    journal = jpcm,
    year = "2004",
    volume = "16",
    pages = "R755",
}


@ARTICLE{lee06a,
    author = "P. A. Lee and N. Nagaosa and X. G. Wen.",
    journal = rmp,
    year = "2006",
    volume = "78",
    pages = "17",
}

@ARTICLE{scalapino12a,
    author = "D. J. Scalapino.",
    journal = rmp,
    year = "2012",
    volume = "84",
    pages = "1383",
}

@ARTICLE{schmalian98a,
    author = "J. Schmalian",
    journal = prl,
    year = "1998",
    volume = "81",
    pages = "4232",
}

@ARTICLE{kino98a,
    author = "H. Kino and H. Kontani.",
    journal = jpsj,
    year = "1998",
    volume = "67",
    pages = "3691",
}

@ARTICLE{nevidomskyy08a,
    author = "A. H. Nevidomskyy and C. Scheiber and D. S\'enechal and A.-M. S. Tremblay.",
    journal = prb,
    year = "2008",
    volume = "77",
    pages = "064427",
}


@ARTICLE{troyer96a,
    author = "Matthias Troyer and Hirokazu Tsunetsugu and T. M. Rice.",
    journal = prb,
    year = "1996",
    volume = "53",
    pages = "251",
}

@ARTICLE{arrigoni04a,
    author = "E. Arrigoni and E. Fradkin and S. A. Kivelson.",
    journal = prb,
    year = "2004",
    volume = "69",
    pages = "214519",
}


@ARTICLE{ramashesha84a,
    author = "Z. G. Soos and S. Ramasesha.",
    journal = prb,
    year = "1984",
    volume = "29",
    pages = "5410",
}


@ARTICLE{ramashesha84b,
    author = "S. Ramasesha and Z. G. Soos.",
    journal = "Int. J. Quant. Chem.",
    year = "1984",
    volume = "XXV",
    pages = "1003",
}

@ARTICLE{ramashesha86a,
    author = "S. Zhang and J. Carlson and J. E. Gubernatis",
    journal = "Chem. Phys. Lett",
    year = "1986",
    volume = "130",
    pages = "522",
}

@ARTICLE{blankenbecler81a,
    author = "R. Blankenbecler and D. J. Scalapino and R. L. Sugar.",
    journal = prd,
    year = "1981",
    volume = "24",
    pages = "2278",
}

@ARTICLE{loh92a,
    author = "E. Y. Loh and J. E. Gubernatis.",
    journal = "Elsevier",
    year = "1992",
    pages = "177-235",
}

@ARTICLE{johnston13a,
    author = "S. Johnston and E. A. Nowadnick and Y. F. Kung, B. Moritz and R. T. Scalettar and T. P. Devereaux.",
    journal = prb,
    year = "2013",
    volume = "87",
    pages = "235133",
}



@ARTICLE{nowadnick12a,
    author = "E. A. Nowadnick and S. Johnston and B. Moritz and R. T. Scalettar and T. P. Devereaux.",
    journal = prl,
    year = "2012",
    volume = "109",
    pages = "246404",
}


@ARTICLE{kashima01b,
    author = "Kashima T and Imada M",
    journal = jpsj,
    year = "2001",
    volume = "70",
    pages = "2287-99",
}

@ARTICLE{mizusaki06a,
    author = "T.Mizusaki and M.Imada",
    journal = prb,
    year = "2006",
    volume = "74",
    pages = "014421",
}

@ARTICLE{sahebsara06a,
    author = "P. Sahebsara and D. S\'en\'echal.",
    journal = prl,
    year = "2006",
    volume = "97",
    pages = "257004",
}

@ARTICLE{micnas90a,
    author = "R. Micnas and J. Ranninger and S. Robaszkiewicz",
    journal = rmp,
    year = "62",
    volume = "113",
    pages = "1990",
}

@ARTICLE{dayal11a,
    author = "S. Dayal and R.T.Clay and H.Li, and S.Mazumdar",
    journal = prb,
    year = "2011",
    volume = "83",
    pages = "245106",
}

@ARTICLE{zhang97a,
    author = "S. Zhang and J. Carlson and J. E. Gubernatis.",
    journal = prb,
    year = "1997",
    volume = "69",
    pages = "7464",
}

@ARTICLE{ngomes16,
    author = " N. Gomes and W. De Silva and R. T. Clay and S. Mazumdar",
    journal = prb,
    year = "2016",
    volume = "93",
    pages = "165110",
}

@ARTICLE{liu15a,
    author = "Ye-Hua Liu and Robert M. Konik and T.M. Rice and Fu-Chun Zhang",
    journal = natcm,
    year = "2015",
    volume = "7",
    pages = "10378",
}


@ARTICLE{shi14a,
    author = "H. Shi and C. A. Jimenez-Hoyos and R. Rodriguez-Guzman and G. E. Scuseria and S. Zhang.",
    journal = prb,
    year = "2014",
    volume = "89",
    pages = "125129",
}

@ARTICLE{hardikar07a,
    author = "R. P. Hardikar and R. T. Clay.",
    journal = prb,
    year = "2007",
    volume = "75",
    pages = "245103",
}

@ARTICLE{clay05a,
    author = "R. T. Clay and S. Mazumdar.",
    journal = prl,
    year = "2005",
    volume = "94",
    pages = "207206",
}



@ARTICLE{wpd2016,
    author = "W. De Silva and N. Gomes and S. Mazumdar and R. T. Clay, ",
    journal = prb,
    year = "2016",
    volume = "93",
    pages = "205111",
}



@ARTICLE{ngomes12a,
    author = "N. Gomes and R. T. Clay, and S. Mazumdar. ",
    journal = jpcm,
    year = "2012",
    volume = "25",
    pages = "385603",
}

@ARTICLE{clay08a,
    author = "R. T. Clay and H. Li and S. Mazumdar.",
    journal = prl,
    year = "2008",
    volume = "101",
    pages = "166403",
}

@ARTICLE{dayal12a,
    author = "S. Dayal and R. T. Clay and S. Mazumdar.",
    journal = prl,
    year = "2012",
    volume = "85",
    pages = "165141",
}

@ARTICLE{tocchio09a,
    author = "L. F. Tocchio and A. Parola and C. Gros and F. Becca.",
    journal = prb,
    year = "2009",
    volume = "80",
    pages = "064419",
}

@ARTICLE{yanagisawa13a,
    author = "T. Yanagisawa.",
    journal = "New J. Phys",
    year = "2013",
    volume = "15",
    pages = "033012",
}

@ARTICLE{clay12a,
    author = "R. T. Clay and J. P. Song and S. Dayal and S. Mazumdar.",
    journal = prl,
    year = "2012",
    volume = "101",
    pages = "166403",
}

@ARTICLE{li10a,
    author = "H. Li and R. T. Clay and S.Mazumdar.",
    journal = jpcm,
    year = "2010",
    volume = "22",
    pages = "272201",
}


@ARTICLE{scheraga07a,
    author = "H. A. Scheraga and M. Khalili and A. Liw",
    journal = "Annu. Rev. Phys. Chem.",
    year = "2007",
    volume = "58",
    pages = "57",
}



@ARTICLE{guglielmo17a,
    author = "Guglielmo Mazzola and Sandro Sorella",
    journal = "Annu. Rev. Phys. Chem.",
    year = "2007",
    volume = "58",
    pages = "57",
}

@ARTICLE{milojkovic15a,
    author = "Predrag Milojkovic and Marc P. Christensen",
    journal = "Applied optics",
    year = "2015",
    volume = "54",
    pages = "171",
}

@ARTICLE{marx96a,
    author = "D. Marx and M. Parrinello",
    journal = jcp,
    year = "1996",
    volume = "58",
    pages = "57",
}

@ARTICLE{adelman16,
    author = "J.L. Adelman  and C. Ghezzi and P. Bisignano and D.D.F. Loo and 
	      S. Choe and J. Abramson and J.M. Rosenberg and E.M. Wright and M. Grabe. ",
    journal = "Proc. Natl. Acad. Sci. USA",
    year = "2006",
    volume = "113",
    pages = "E3960-E3966",
}


@ARTICLE{veshaguri16,
    author = "S Veshaguri et. al. ",
    journal = "Science",
    year = "2016",
    volume = "351",
    pages = "1469",
}


@ARTICLE{goldstein00,
    author = "Raymond E. Goldstein and Alain Goriely and Greg Huber and Charles W. Wolgemuth",
    journal = prl,
    year = "2000",
    volume = "84",
    pages = "1631",
}

@ARTICLE{nolting05a,
    author = "B. Nolting",
    journal = "Protein Folding Kinetics: Biophysical Methods (Springer, New York,)",
    year = "2005",
}





